<record><leader>00000cas a22000007a 4500</leader><controlfield tag="001">34748619</controlfield><controlfield tag="008">960517d19051918okuwr n       0    0eng d</controlfield><datafield ind1=" " ind2=" " tag="010"><subfield code="a">sn 96087763 </subfield></datafield><datafield ind1=" " ind2=" " tag="040"><subfield code="a">OBN</subfield><subfield code="b">eng</subfield><subfield code="c">OBN</subfield><subfield code="d">OCLCQ</subfield><subfield code="d">OCLCO</subfield></datafield><datafield ind1="1" ind2=" " tag="029"><subfield code="a">AU@</subfield><subfield code="b">000025921845</subfield></datafield><datafield ind1=" " ind2=" " tag="042"><subfield code="a">msc</subfield></datafield><datafield ind1="0" ind2="4" tag="245"><subfield code="a">The Coweta times.</subfield></datafield><datafield ind1=" " ind2=" " tag="260"><subfield code="a">Coweta, Creek Nation, Indian Territory [Okla.] :</subfield><subfield code="b">Mark A. Leftwich</subfield></datafield><datafield ind1=" " ind2=" " tag="300"><subfield code="a">v.</subfield></datafield><datafield ind1=" " ind2=" " tag="310"><subfield code="a">Weekly</subfield></datafield><datafield ind1="0" ind2=" " tag="362"><subfield code="a">Vol. 1, no. 1 (July 13, 1905)-v. 14, no. 7 (Aug. 29, 1918).</subfield></datafield><datafield ind1=" " ind2="0" tag="651"><subfield code="a">Coweta (Okla.)</subfield><subfield code="v">Newspapers.</subfield></datafield><datafield ind1=" " ind2="0" tag="651"><subfield code="a">Wagoner County (Okla.)</subfield><subfield code="x">Newsapers.</subfield></datafield><datafield ind1=" " ind2="0" tag="651"><subfield code="a">Indian Territory</subfield><subfield code="v">Newspapers.</subfield></datafield><datafield ind1=" " ind2="0" tag="651"><subfield code="a">Creek Nation (Okla.)</subfield><subfield code="v">Newspapers.</subfield></datafield><datafield ind1=" " ind2=" " tag="752"><subfield code="a">United States</subfield><subfield code="b">Oklahoma</subfield><subfield code="c">Wagoner</subfield><subfield code="d">Coweta.</subfield></datafield><datafield ind1="0" ind2="7" tag="785"><subfield code="t">Coweta star</subfield><subfield code="w">(DLC)sn 96087764</subfield><subfield code="w">(OCoLC)34748677</subfield></datafield><datafield ind1="0" ind2="7" tag="785"><subfield code="t">Coweta times-star</subfield><subfield code="w">(DLC)sn 96087765</subfield><subfield code="w">(OCoLC)34748813</subfield></datafield></record>